<collection xmlns="http://www.loc.gov/MARC21/slim">
<record schemaLocation="http://www.loc.gov/MARC21/slim http://www.loc.gov/standards/marcxml/schema/MARC21slim.xsd" type="Bibliographic">
   <controlfield tag="005">20200429043549.0</controlfield>
   <datafield tag="037" ind1=" " ind2=" ">
      <subfield code="a">GENERAL</subfield>
   </datafield>
   <datafield tag="041" ind1="0" ind2=" ">
      <subfield code="a">eng</subfield>
   </datafield>
   <datafield tag="336" ind1=" " ind2=" ">
      <subfield code="a">Text</subfield>
      <subfield code="2">dct</subfield>
   </datafield>
   <datafield tag="542" ind1=" " ind2=" ">
      <subfield code="u">http://rightsstatements.org/vocab/CNE/1.0/</subfield>
   </datafield>
   <datafield tag="598" ind1=" " ind2=" ">
      <subfield code="a">2010-04-21</subfield>
      <subfield code="b">2018-01-16</subfield>
   </datafield>
   <datafield tag="599" ind1=" " ind2=" ">
      <subfield code="a">https://library.digitalnc.org/cdm/ref/collection/yearbooks/id/504</subfield>
   </datafield>
   <datafield tag="651" ind1=" " ind2="0">
      <subfield code="a">Elizabeth City (N.C.)</subfield>
   </datafield>
   <datafield tag="651" ind1=" " ind2="0">
      <subfield code="a">Pasquotank County (N.C.)</subfield>
   </datafield>
   <datafield tag="651" ind1=" " ind2="0">
      <subfield code="a">Camden County (N.C.)</subfield>
   </datafield>
   <datafield tag="655" ind1=" " ind2="7">
      <subfield code="a">Yearbooks</subfield>
      <subfield code="2">aat</subfield>
   </datafield>
   <datafield tag="245" ind1=" " ind2=" ">
      <subfield code="a">The Viking</subfield>
   </datafield>
   <datafield tag="246" ind1="1" ind2=" ">
      <subfield code="a">The Pirate</subfield>
   </datafield>
   <datafield tag="246" ind1="1" ind2=" ">
      <subfield code="a">The Normal Light</subfield>
   </datafield>
   <datafield tag="246" ind1="1" ind2=" ">
      <subfield code="a">The Pirate's Log</subfield>
   </datafield>
   <datafield tag="520" ind1=" " ind2=" ">
      <subfield code="a">The North Carolina Digital Heritage Center provides access to the following years: 1925, 1948-1949, 1957, 1960-1980, 1982-2006, 2008</subfield>
   </datafield>
   <datafield tag="856" ind1="4" ind2="0">
      <subfield code="u">https://lib.digitalnc.org/search?ln=en&amp;p=691:"Elizabeth City State University" AND collectioninformation:"North Carolina Yearbooks" AND format:"Yearbooks"</subfield>
      <subfield code="3">North Carolina Digital Heritage Center full text access</subfield>
   </datafield>
   <datafield tag="907" ind1=" " ind2=" ">
      <subfield code="a">NCDHCelizabethcitteuniversity</subfield>
   </datafield>
   <datafield tag="650" ind1=" " ind2="0">
      <subfield code="a">College yearbooks</subfield>
      <subfield code="x">North Carolina</subfield>
      <subfield code="x">Elizabeth City.</subfield>
   </datafield>
   <datafield tag="999" ind1="0" ind2="0">
      <subfield code="a">2010-04-21 00:00:00-04</subfield>
   </datafield>
   <leader>      as  22        4500</leader>
   <controlfield tag="008">                                        </controlfield>
   <datafield tag="310" ind1=" " ind2=" ">
      <subfield code="a">Annual</subfield>
   </datafield>
   <datafield tag="110" ind1="2" ind2=" ">
      <subfield code="a">Elizabeth City State University</subfield>
   </datafield>
   <datafield tag="260" ind1=" " ind2=" ">
      <subfield code="b">Elizabeth City State University</subfield>
      <subfield code="a">Elizabeth City, N.C. :</subfield>
   </datafield>
</record>
</collection>
